@article{Weiss2018,
  author = {Weiss, J.},
  title = {Certain Aspects of the Gravitational Field of a Disk},
  journal = {Applied Mathematics},
  volume = {9},
  pages = {1360--1377},
  year = {2018},
  doi = {10.4236/am.2018.912089}
}

@book{Hockney1988,
  author    = {R. W. Hockney and J. W. Eastwood},
  title     = {Computer Simulation Using Particles},
  edition   = {1st},
  year      = {1988},
  publisher = {CRC Press},
  doi       = {10.1201/9780367806934}
}